<collection xmlns="http://www.loc.gov/MARC21/slim"><record><leader>00782nam  2200229   450</leader><controlfield tag="001">568</controlfield><controlfield tag="003">http://montalegre.opacnet.com/OPAC/default.aspx?ContentAreaControl=ShowRegHoldings.ascx&amp;RegNo=16662</controlfield><controlfield tag="005">20</controlfield><datafield tag="100" ind1=" " ind2=" "><subfield code="a">20111021d1992    m  y0pory0103    ba</subfield></datafield><datafield tag="101" ind1="1" ind2=" "><subfield code="a">por</subfield><subfield code="c">eng</subfield></datafield><datafield tag="102" ind1=" " ind2=" "><subfield code="a">PT</subfield></datafield><datafield tag="105" ind1=" " ind2=" "><subfield code="a">y   z   000ay</subfield></datafield><datafield tag="200" ind1="1" ind2=" "><subfield code="a">Retrato do artista quando jovem</subfield><subfield code="f">James Joyce</subfield><subfield code="g">trad. e pref.: Alfredo Margarido</subfield></datafield><datafield tag="210" ind1=" " ind2=" "><subfield code="a">Lisboa</subfield><subfield code="c">Livros do Brasil</subfield><subfield code="d">1992</subfield></datafield><datafield tag="215" ind1=" " ind2=" "><subfield code="a">259, [2] p.</subfield><subfield code="d">24 cm</subfield></datafield><datafield tag="225" ind1="2" ind2=" "><subfield code="a">Dois mundos</subfield><subfield code="v">55</subfield></datafield><datafield tag="304" ind1=" " ind2=" "><subfield code="a">Tít. orig. : A portrait of the artist as a young man</subfield></datafield><datafield tag="675" ind1=" " ind2=" "><subfield code="a">821</subfield></datafield><datafield tag="700" ind1=" " ind2="1"><subfield code="a">Joyce</subfield><subfield code="b">James</subfield><subfield code="f">1882-1941</subfield></datafield><datafield tag="702" ind1=" " ind2="1"><subfield code="a">Margarido</subfield><subfield code="b">Alfredo</subfield><subfield code="f">1928-</subfield><subfield code="4">730</subfield></datafield><datafield tag="801" ind1=" " ind2="0"><subfield code="a">PT</subfield><subfield code="b">Biblioteca Municipal de Montalegre</subfield><subfield code="g">RPC</subfield></datafield><datafield tag="856" ind1=" " ind2=" "><subfield code="u">locateMedia.asp?cod=20060518121536&amp;ext=jpg</subfield><subfield code="z">CAPA</subfield></datafield><datafield tag="909" ind1="&#9;" ind2=" "><subfield code="a">1</subfield></datafield><datafield tag="966" ind1=" " ind2=" "><subfield code="a">0008644</subfield><subfield code="l">BMM</subfield><subfield code="s">SCG 821 JOY ret 55</subfield></datafield></record></collection>